@inproceedings{ding_iotsafe_2021,
	location = {Virtual},
	title = {{IoTSafe}: Enforcing Safety and Security Policy with Real {IoT} Physical Interaction Discovery},
	isbn = {978-1-891562-66-2},
	doi = {10.14722/ndss.2021.24368},
	shorttitle = {{IoTSafe}},
	eventtitle = {Network and Distributed System Security Symposium},
	booktitle = {Proceedings 2021 Network and Distributed System Security Symposium},
	publisher = {Internet Society},
	author = {Ding, Wenbo and Hu, Hongxin and Cheng, Long},
	urldate = {2021-10-18},
	date = {2021},
}

@inproceedings{wang_charting_2019,
	location = {London United Kingdom},
	title = {Charting the Attack Surface of Trigger-Action {IoT} Platforms},
	isbn = {978-1-4503-6747-9},
	doi = {10.1145/3319535.3345662},
	eventtitle = {{CCS} '19: 2019 {ACM} {SIGSAC} Conference on Computer and Communications Security},
	pages = {1439--1453},
	booktitle = {Proceedings of the 2019 {ACM} {SIGSAC} Conference on Computer and Communications Security},
	publisher = {{ACM}},
	author = {Wang, Qi and Datta, Pubali and Yang, Wei and Liu, Si and Bates, Adam and Gunter, Carl A.},
	urldate = {2021-10-18},
	date = {2019-11-06},
}

@inproceedings{gu_iotgaze_2020,
	location = {Toronto, {ON}, Canada},
	title = {{IoTGaze}: {IoT} Security Enforcement via Wireless Context Analysis},
	isbn = {978-1-72816-412-0},
	doi = {10.1109/INFOCOM41043.2020.9155459},
	shorttitle = {{IoTGaze}},
	eventtitle = {{IEEE} {INFOCOM} 2020 - {IEEE} Conference on Computer Communications},
	pages = {884--893},
	booktitle = {{IEEE} {INFOCOM} 2020 - {IEEE} Conference on Computer Communications},
	publisher = {{IEEE}},
	author = {Gu, Tianbo and Fang, Zheng and Abhishek, Allaukik and Fu, Hao and Hu, Pengfei and Mohapatra, Prasant},
	urldate = {2021-10-18},
	date = {2020-07},
}

@inproceedings{celik_iotguard_2019,
	location = {San Diego, {CA}},
	title = {{IoTGuard}: Dynamic Enforcement of Security and Safety Policy in Commodity {IoT}},
	isbn = {978-1-891562-55-6},
	doi = {10.14722/ndss.2019.23326},
	shorttitle = {{IoTGuard}},
	eventtitle = {Network and Distributed System Security Symposium},
	booktitle = {Proceedings 2019 Network and Distributed System Security Symposium},
	publisher = {Internet Society},
	author = {Celik, Z. Berkay and Tan, Gang and {McDaniel}, Patrick},
	urldate = {2021-10-18},
	date = {2019},
}

@inproceedings{nguyen_iotsan_2018,
	location = {Heraklion Greece},
	title = {{IotSan}: fortifying the safety of {IoT} systems},
	isbn = {978-1-4503-6080-7},
	doi = {10.1145/3281411.3281440},
	shorttitle = {{IotSan}},
	eventtitle = {{CoNEXT} '18: The 14th International Conference on emerging Networking {EXperiments} and Technologies},
	pages = {191--203},
	booktitle = {Proceedings of the 14th International Conference on emerging Networking {EXperiments} and Technologies},
	publisher = {{ACM}},
	author = {Nguyen, Dang Tu and Song, Chengyu and Qian, Zhiyun and Krishnamurthy, Srikanth V. and Colbert, Edward J. M. and {McDaniel}, Patrick},
	urldate = {2021-10-18},
	date = {2018-12-04},
}

@inproceedings{ding_safety_2018,
	location = {Toronto Canada},
	title = {On the Safety of {IoT} Device Physical Interaction Control},
	isbn = {978-1-4503-5693-0},
	doi = {10.1145/3243734.3243865},
	eventtitle = {{CCS} '18: 2018 {ACM} {SIGSAC} Conference on Computer and Communications Security},
	pages = {832--846},
	booktitle = {Proceedings of the 2018 {ACM} {SIGSAC} Conference on Computer and Communications Security},
	publisher = {{ACM}},
	author = {Ding, Wenbo and Hu, Hongxin},
	urldate = {2021-10-18},
	date = {2018-10-15},
}

@inproceedings{birnbach_peeves_2019,
	location = {London United Kingdom},
	title = {Peeves: Physical Event Verification in Smart Homes},
	isbn = {978-1-4503-6747-9},
	doi = {10.1145/3319535.3354254},
	shorttitle = {Peeves},
	eventtitle = {{CCS} '19: 2019 {ACM} {SIGSAC} Conference on Computer and Communications Security},
	pages = {1455--1467},
	booktitle = {Proceedings of the 2019 {ACM} {SIGSAC} Conference on Computer and Communications Security},
	publisher = {{ACM}},
	author = {Birnbach, Simon and Eberz, Simon and Martinovic, Ivan},
	urldate = {2021-10-18},
	date = {2019-11-06},
}

@inproceedings{zhang_homonit_2018,
	location = {Toronto Canada},
	title = {{HoMonit}: Monitoring Smart Home Apps from Encrypted Traffic},
	isbn = {978-1-4503-5693-0},
	doi = {10.1145/3243734.3243820},
	shorttitle = {{HoMonit}},
	eventtitle = {{CCS} '18: 2018 {ACM} {SIGSAC} Conference on Computer and Communications Security},
	pages = {1074--1088},
	booktitle = {Proceedings of the 2018 {ACM} {SIGSAC} Conference on Computer and Communications Security},
	publisher = {{ACM}},
	author = {Zhang, Wei and Meng, Yan and Liu, Yugeng and Zhang, Xiaokuan and Zhang, Yinqian and Zhu, Haojin},
	urldate = {2021-10-18},
	date = {2018-10-15},
}

@inproceedings{fernandes_security_2016,
	location = {San Jose, {CA}},
	title = {Security Analysis of Emerging Smart Home Applications},
	isbn = {978-1-5090-0824-7},
	doi = {10.1109/SP.2016.44},
	eventtitle = {2016 {IEEE} Symposium on Security and Privacy ({SP})},
	pages = {636--654},
	booktitle = {2016 {IEEE} Symposium on Security and Privacy ({SP})},
	publisher = {{IEEE}},
	author = {Fernandes, Earlence and Jung, Jaeyeon and Prakash, Atul},
	urldate = {2021-10-18},
	date = {2016-05},
}

@inproceedings{laput_synthetic_2017,
	location = {Denver Colorado {USA}},
	title = {Synthetic Sensors: Towards General-Purpose Sensing},
	isbn = {978-1-4503-4655-9},
	doi = {10.1145/3025453.3025773},
	shorttitle = {Synthetic Sensors},
	eventtitle = {{CHI} '17: {CHI} Conference on Human Factors in Computing Systems},
	pages = {3986--3999},
	booktitle = {Proceedings of the 2017 {CHI} Conference on Human Factors in Computing Systems},
	publisher = {{ACM}},
	author = {Laput, Gierad and Zhang, Yang and Harrison, Chris},
	urldate = {2021-10-18},
	date = {2017-05-02},
}

@inproceedings{fu_hawatcher_2021,
	title = {Hawatcher: Semantics-aware anomaly detection for appified smart homes},
	booktitle = {30th \$\{\${USENIX}\$\}\$ Security Symposium (\$\{\${USENIX}\$\}\$ Security 21)},
	author = {Fu, Chenglong and Zeng, Qiang and Du, Xiaojiang},
	date = {2021},
}

@inproceedings{acar_peek--boo_2020,
	title = {Peek-a-boo: I see your smart home activities, even encrypted!},
	pages = {207--218},
	booktitle = {Proceedings of the 13th {ACM} Conference on Security and Privacy in Wireless and Mobile Networks},
	author = {Acar, Abbas and Fereidooni, Hossein and Abera, Tigist and Sikder, Amit Kumar and Miettinen, Markus and Aksu, Hidayet and Conti, Mauro and Sadeghi, Ahmad-Reza and Uluagac, Selcuk},
	date = {2020},
}

@inproceedings{suresh_review_2015,
	location = {Coimbatore, India},
	title = {A review on smart home technology},
	isbn = {978-1-4673-9781-0},
	doi = {10.1109/GET.2015.7453832},
	eventtitle = {2015 Online International Conference on Green Engineering and Technologies ({IC}-{GET})},
	pages = {1--3},
	booktitle = {2015 Online International Conference on Green Engineering and Technologies ({IC}-{GET})},
	publisher = {{IEEE}},
	author = {Suresh, Shruthi and Sruthi, P V},
	urldate = {2021-10-18},
	date = {2015-11},
}

@article{alam_review_2012,
	title = {A Review of Smart Homesâ€”Past, Present, and Future},
	volume = {42},
	issn = {1094-6977, 1558-2442},
	doi = {10.1109/TSMCC.2012.2189204},
	pages = {1190--1203},
	number = {6},
	journaltitle = {{IEEE} Transactions on Systems, Man, and Cybernetics, Part C (Applications and Reviews)},
	shortjournal = {{IEEE} Trans. Syst., Man, Cybern. C},
	author = {Alam, Muhammad Raisul and Reaz, Mamun Bin Ibne and Ali, Mohd Alauddin Mohd},
	urldate = {2021-10-18},
	date = {2012-11},
}

@misc{smartthings,
	title={One simple home system. A world of possibilities},
	author={Samsung},
	howpublished = {\url{https://www.smartthings.com/}},
}

@inproceedings{feng_survey_2018,
	location = {Nadi, Fiji},
	title = {A Survey on Internet of Things Security Based on Smart Home},
	isbn = {978-1-72811-390-6},
	doi = {10.1109/APWConCSE.2018.00022},
	eventtitle = {2018 5th Asia-Pacific World Congress on Computer Science and Engineering ({APWC} on {CSE})},
	pages = {84--91},
	booktitle = {2018 5th Asia-Pacific World Congress on Computer Science and Engineering ({APWC} on {CSE})},
	publisher = {{IEEE}},
	author = {Feng, Xu and Wang, Yu and Jiang, Liaoliang and Huang, Yuefang and Li, Tong},
	urldate = {2021-10-18},
	date = {2018-12},
}

@inproceedings{islam_security_2012,
	location = {Wuhan, China},
	title = {Security and privacy considerations for Wireless Sensor Networks in smart home environments},
	isbn = {978-1-4673-1212-7 978-1-4673-1211-0 978-1-4673-1210-3},
	doi = {10.1109/CSCWD.2012.6221884},
	eventtitle = {2012 {IEEE} 16th International Conference on Computer Supported Cooperative Work in Design ({CSCWD})},
	pages = {626--633},
	booktitle = {Proceedings of the 2012 {IEEE} 16th International Conference on Computer Supported Cooperative Work in Design ({CSCWD})},
	publisher = {{IEEE}},
	author = {Islam, Kamrul and Shen, Weiming and Wang, Xianbin},
	urldate = {2021-10-18},
	date = {2012-05},
}

@article{mao_inaudible_2020,
	title = {An inaudible voice attack to context-based device authentication in smart {IoT} systems},
	volume = {104},
	pages = {101696},
	journaltitle = {Journal of Systems Architecture},
	author = {Mao, Jian and Zhu, Shishi and Liu, Jianwei},
	date = {2020},
	note = {Publisher: Elsevier},
}

@inproceedings{zhang_dolphinattack_2017,
	title = {Dolphinattack: Inaudible voice commands},
	pages = {103--117},
	booktitle = {Proceedings of the 2017 {ACM} {SIGSAC} Conference on Computer and Communications Security},
	author = {Zhang, Guoming and Yan, Chen and Ji, Xiaoyu and Zhang, Tianchen and Zhang, Taimin and Xu, Wenyuan},
	date = {2017},
}

@inproceedings{yan_surfingattack_2020,
	location = {San Diego, {CA}},
	title = {{SurfingAttack}: Interactive Hidden Attack on Voice Assistants Using Ultrasonic Guided Waves},
	isbn = {978-1-891562-61-7},
	doi = {10.14722/ndss.2020.24068},
	shorttitle = {{SurfingAttack}},
	eventtitle = {Network and Distributed System Security Symposium},
	booktitle = {Proceedings 2020 Network and Distributed System Security Symposium},
	publisher = {Internet Society},
	author = {Yan, Qiben and Liu, Kehai and Zhou, Qin and Guo, Hanqing and Zhang, Ning},
	urldate = {2021-10-18},
	date = {2020},
}

@inproceedings{han_you_2018,
	title = {Do you feel what I hear? Enabling autonomous {IoT} device pairing using different sensor types},
	pages = {836--852},
	booktitle = {2018 {IEEE} Symposium on Security and Privacy ({SP})},
	publisher = {{IEEE}},
	date = {2018},
}

@inproceedings{manandhar_towards_2020,
	location = {San Francisco, {CA}, {USA}},
	title = {Towards a Natural Perspective of Smart Homes for Practical Security and Safety Analyses},
	isbn = {978-1-72813-497-0},
	doi = {10.1109/SP40000.2020.00062},
	eventtitle = {2020 {IEEE} Symposium on Security and Privacy ({SP})},
	pages = {482--499},
	booktitle = {2020 {IEEE} Symposium on Security and Privacy ({SP})},
	publisher = {{IEEE}},
	author = {Manandhar, Sunil and Moran, Kevin and Kafle, Kaushal and Tang, Ruhao and Poshyvanyk, Denys and Nadkarni, Adwait},
	urldate = {2021-10-19},
	date = {2020-05},
}

@inproceedings{trimananda_packet-level_2020,
	location = {San Diego, {CA}},
	title = {Packet-Level Signatures for Smart Home Devices},
	isbn = {978-1-891562-61-7},
	doi = {10.14722/ndss.2020.24097},
	eventtitle = {Network and Distributed System Security Symposium},
	booktitle = {Proceedings 2020 Network and Distributed System Security Symposium},
	publisher = {Internet Society},
	author = {Trimananda, Rahmadi and Varmarken, Janus and Markopoulou, Athina and Demsky, Brian},
	urldate = {2021-10-19},
	date = {2020},
}

@inproceedings{chi_cross-app_2020,
	location = {Valencia, Spain},
	title = {Cross-App Interference Threats in Smart Homes: Categorization, Detection and Handling},
	isbn = {978-1-72815-809-9},
	doi = {10.1109/DSN48063.2020.00056},
	shorttitle = {Cross-App Interference Threats in Smart Homes},
	eventtitle = {2020 50th Annual {IEEE}/{IFIP} International Conference on Dependable Systems and Networks ({DSN})},
	pages = {411--423},
	booktitle = {2020 50th Annual {IEEE}/{IFIP} International Conference on Dependable Systems and Networks ({DSN})},
	publisher = {{IEEE}},
	author = {Chi, Haotian and Zeng, Qiang and Du, Xiaojiang and Yu, Jiaping},
	urldate = {2021-10-19},
	date = {2020-06},
}

@inproceedings{celik_soteria_2018,
	title = {Soteria: Automated iot safety and security analysis},
	pages = {147--158},
	booktitle = {2018 \$\{\${USENIX}\$\}\$ Annual Technical Conference (\$\{\${USENIX}\$\}\$\$\{\${ATC}\$\}\$ 18)},
	author = {Celik, Z Berkay and {McDaniel}, Patrick and Tan, Gang},
	date = {2018},
}


@article{Ruel_2012,
    author  = {Ruel, StÃƒÂ©phane and Luu, Tim and Berube, Andrew},
    title   = {Space shuttle testing of the TriDAR 3D rendezvous and docking sensor},
    journal = {Journal of Field robotics},
    volume  = {29},
    number  = {4},
    pages   = {535-553},
    ISSN    = {1556-4967},
    year    = {2012},
    type    = {Journal Article}
}

@misc{homeassistant,
	title={Home Assistant},
	author={HomeAssistant},
	howpublished = {\url{https://www.home-assistant.io/}},
}

@misc{peeves_dataset,
	title={Peeves: Physical Event Verification in Smart Homes - ORA - Oxford University Research Archive},
	author={Oxford University},
	howpublished = {\url{https://ora.ox.ac.uk/objects/uuid:75726ff7-fee1-420d-8a17-de9572324c7d/}},
}

@misc{casas,
	title={Welcome to CASAS},
	author={Washington State University},
	howpublished = {\url{http://casas.wsu.edu/}},
}

@misc{kaggle,
	title={Kaggle: Your Machine Learning and Data Science Community},
	author={Kaggle Inc.},
	howpublished = {\url{https://www.kaggle.com/}},
}

@misc{esphome,
	title={ESPHome â€” ESPHome},
	author={Nabu Casa},
	howpublished = {\url{https://www.esphome.io/}},
}

@misc{restfulapi,
	title={REST API | Home Assistant Developer Docs},
	author={HomeAssistant},
	howpublished = {\url{https://developers.home-assistant.io/docs/api/rest/}},
}

@misc{pytorch,
	title={PyTorch},
	author={Facebook},
	howpublished = {\url{https://pytorch.org/}},
}

@article{chimamiwa2021multi,
	title={Multi-sensor dataset of human activities in a smart home environment},
	author={Chimamiwa, Gibson and Alirezaie, Marjan and Pecora, Federico and Loutfi, Amy},
	journal={Data in Brief},
	volume={34},
	pages={106632},
	year={2021},
	publisher={Elsevier}
}

@inproceedings{ricquebourg2006smart,
	title={The smart home concept: our immediate future},
	author={Ricquebourg, Vincent and Menga, David and Durand, David and Marhic, Bruno and Delahoche, Laurent and Loge, Christophe},
	booktitle={2006 1st IEEE international conference on e-learning in industrial electronics},
	pages={23--28},
	year={2006},
	organization={IEEE}
}

@inproceedings{sivaraman2016smart,
	title={Smart-phones attacking smart-homes},
	author={Sivaraman, Vijay and Chan, Dominic and Earl, Dylan and Boreli, Roksana},
	booktitle={Proceedings of the 9th ACM Conference on Security \& Privacy in Wireless and Mobile Networks},
	pages={195--200},
	year={2016}
}

@inproceedings{saxena2017analysis,
	title={Analysis of security attacks in a smart home networks},
	author={Saxena, Utkarsh and Sodhi, JS and Singh, Yaduveer},
	booktitle={2017 7th International Conference on Cloud Computing, Data Science \& Engineering-Confluence},
	pages={431--436},
	year={2017},
	organization={IEEE}
}

@inproceedings{coman2019security,
	title={Security issues in internet of things: Vulnerability analysis of LoRaWAN, sigfox and NB-IoT},
	author={Coman, Florian Laurentiu and Malarski, Krzysztof Mateusz and Petersen, Martin Nordal and Ruepp, Sarah},
	booktitle={2019 Global IoT Summit (GIoTS)},
	pages={1--6},
	year={2019},
	organization={IEEE}
}

@inproceedings{liang2015sift,
	title={SIFT: building an internet of safe things},
	author={Liang, Chieh-Jan Mike and Karlsson, B{\"o}rje F and Lane, Nicholas D and Zhao, Feng and Zhang, Junbei and Pan, Zheyi and Li, Zhao and Yu, Yong},
	booktitle={Proceedings of the 14th International Conference on Information Processing in Sensor Networks},
	pages={298--309},
	year={2015}
}

@article{carpenter2008lazy,
	title={Lazy sparse stochastic gradient descent for regularized multinomial logistic regression},
	author={Carpenter, Bob},
	journal={Alias-i, Inc., Tech. Rep},
	pages={1--20},
	year={2008},
	publisher={Citeseer}
}

@inproceedings{tsuruoka2009stochastic,
	title={Stochastic gradient descent training for l1-regularized log-linear models with cumulative penalty},
	author={Tsuruoka, Yoshimasa and Tsujii, Junâ€™ichi and Ananiadou, Sophia},
	booktitle={Proceedings of the Joint Conference of the 47th Annual Meeting of the ACL and the 4th International Joint Conference on Natural Language Processing of the AFNLP},
	pages={477--485},
	year={2009}
}

@article{ross2014mutual,
	title={Mutual information between discrete and continuous data sets},
	author={Ross, Brian C},
	journal={PloS one},
	volume={9},
	number={2},
	pages={e87357},
	year={2014},
	publisher={Public Library of Science San Francisco, USA}
}

@article{gao2017estimating,
	title={Estimating mutual information for discrete-continuous mixtures},
	author={Gao, Weihao and Kannan, Sreeram and Oh, Sewoong and Viswanath, Pramod},
	journal={Advances in neural information processing systems},
	volume={30},
	year={2017}
}


